@inproceedings{tse2008southeastlayers, 
address = {GB (London)}, 
author = {TSE, N and SLOGGETT, R}, 
booktitle = {Preparation for painting: the artist's choice and its consequence}, 
pages = {161--170}, 
publisher = {Archetype Publications}, 
title = {Southeast Asian Oil Paintings: Supports and Preparatory layers}, 
year = {2008}, 
startyear = {2007}, 
startmonth = {May}, 
startday = {31}, 
finishyear = {2007}, 
finishmonth = {Jun}, 
finishday = {1}, 
conference = {Preparation for painting: the artist's choice and its consequences}
} 

@inbook{inbook,
author = {Grech, Claire and Tse, Nicole and Doronila, A. and Duan, Xiaofei and Ahmad, Amerrudin and Isa, Musrizal},
year = {2019},
month = {01},
pages = {419-435},
title = {A Preliminary Investigation into the Behavior of Modern Artistsâ€™ Oil Paints in a Hot and Humid Climate},
isbn = {978-3-030-19253-2},
doi = {10.1007/978-3-030-19254-9_33}
}

 @misc{parker_2022, 
 title={Coronavirus outbreak: A new mapping tool that lets you scroll through timeline}, url={https://theconversation.com/coronavirus-outbreak-a-new-mapping-tool-that-lets-you-scroll-through-timeline-131422}, journal={The Conversation}, 
 author={Parker, Edward}, 
 year={2022}, 
 month={Sep}
 }
 
 @misc{zhang, 
 title={New Zealand Trade Intelligence Dashboard}, url={https://shiny.rstudio.com/gallery/nz-trade-dash.html}, journal={Shiny Gallery}, 
 author={Zhang, Wei}} 
 
@Inbook{Fraser2009,
title="Association between Two Categorical Variables: Contingency Analysis with Chi Square",
bookTitle="Business Statistics for Competitive Advantage with Excel 2007: Basics, Model Building, and Cases",
year="2009",
publisher="Springer New York",
address="New York, NY",
pages="171--199",
isbn="978-0-387-74403-2",
doi="10.1007/978-0-387-74403-2_7",
url="https://doi.org/10.1007/978-0-387-74403-2_7"
}

@misc{mcdonald, 
title={Fisher's exact test of independence}, url={http://www.biostathandbook.com/fishers.html}, journal={Handbook of Biological Statistics}, author={McDonald, John H}} 

 @misc{Andy, 
 title={Introducing Polished.tech}, url={https://www.tychobra.com/posts/2020-06-30-introducing-polished-tech/}, journal={Polished.tech}, 
 author={Merlino, Andy}}  